<collection xmlns="http://www.loc.gov/MARC21/slim"><record><leader>00651nam  2200193   450</leader><controlfield tag="001">550</controlfield><controlfield tag="003">http://montalegre.opacnet.com/OPAC/default.aspx?ContentAreaControl=ShowRegHoldings.ascx&amp;RegNo=16662</controlfield><datafield tag="095" ind1=" " ind2=" "><subfield code="a">PTBN00388510</subfield></datafield><datafield tag="100" ind1=" " ind2=" "><subfield code="a">19920723d1962    m  y0pory010305  ba</subfield></datafield><datafield tag="101" ind1="1" ind2=" "><subfield code="a">por</subfield></datafield><datafield tag="102" ind1=" " ind2=" "><subfield code="a">PT</subfield></datafield><datafield tag="200" ind1="1" ind2=" "><subfield code="a">Cura de repouso</subfield><subfield code="f">Aldous Huxley</subfield><subfield code="g">trad. Joäo Gaspar Simöes</subfield></datafield><datafield tag="210" ind1=" " ind2=" "><subfield code="a">Lisboa</subfield><subfield code="c">Editorial Inquérito</subfield><subfield code="d">[D.L. 1962]</subfield></datafield><datafield tag="215" ind1=" " ind2=" "><subfield code="a">249, [2] p.</subfield><subfield code="d">20 cm</subfield></datafield><datafield tag="225" ind1="2" ind2=" "><subfield code="a">&lt;Os &gt;melhores contos dos melhores contistas</subfield><subfield code="v">1</subfield></datafield><datafield tag="675" ind1=" " ind2=" "><subfield code="a">821</subfield><subfield code="v">BN</subfield><subfield code="z">por</subfield></datafield><datafield tag="700" ind1=" " ind2="1"><subfield code="a">Huxley</subfield><subfield code="b">Aldous</subfield><subfield code="f">1894-1963</subfield></datafield><datafield tag="702" ind1=" " ind2="1"><subfield code="a">Simões</subfield><subfield code="b">João Gaspar</subfield><subfield code="f">1903-1987</subfield><subfield code="4">730</subfield></datafield><datafield tag="801" ind1=" " ind2="0"><subfield code="a">PT</subfield><subfield code="b">Biblioteca Municipal de Montalegre</subfield><subfield code="g">RPC</subfield></datafield><datafield tag="909" ind1="&#9;" ind2=" "><subfield code="a">1</subfield></datafield><datafield tag="966" ind1=" " ind2=" "><subfield code="a">0008149</subfield><subfield code="l">BMM</subfield><subfield code="s">SCG 821 HUX cur 1</subfield></datafield></record></collection>